@article{Shor_algorithm,
    title={Polynomial-Time Algorithms for Prime Factorization and Discrete Logarithms on a Quantum Computer},
    volume={26},
    ISSN={1095-7111},
    url={http://dx.doi.org/10.1137/S0097539795293172},
    DOI={10.1137/s0097539795293172},
    number={5},
    journal={SIAM Journal on Computing},
    publisher={Society for Industrial & Applied Mathematics (SIAM)},
    author={Shor, Peter W.},
    year={1997},
    month=oct, pages={1484–1509}
}

@article{Quantum_computing_in_the_NISQ_era_and_beyond,
    title={Quantum Computing in the NISQ era and beyond},
    volume={2},
    ISSN={2521-327X},
    url={http://dx.doi.org/10.22331/q-2018-08-06-79},
    DOI={10.22331/q-2018-08-06-79},
    journal={Quantum},
    publisher={Verein zur Forderung des Open Access Publizierens in den Quantenwissenschaften},
    author={Preskill, John},
    year={2018},
    month=aug, pages={79}
}

@misc{qaoa_paper_original,
      title={A Quantum Approximate Optimization Algorithm}, 
      author={Edward Farhi and Jeffrey Goldstone and Sam Gutmann},
      year={2014},
      eprint={1411.4028},
      archivePrefix={arXiv},
      primaryClass={quant-ph}
}

@article{multi-objective_routing_optimization,
    author = {Urgelles Pérez, Helen and Picazo-Martinez, Pablo and Garcia-Roger, David and Monserrat, J.F.},
    year = {2022},
    month = {10},
    pages = {7570},
    title = {Multi-Objective Routing Optimization for 6G Communication Networks Using a Quantum Approximate Optimization Algorithm},
    volume = {22},
    journal = {Sensors},
    doi = {10.3390/s22197570}
}

@article{solving_shortest_path_with_qaoa,
    author = {Fan, Zhiqiang and Xu, Jinchen and Shu, Guoqiang and Ding, Xiaodong and Lian, Hang and Shan, Zheng},
    year = {2022},
    month = {12},
    pages = {},
    title = {Solving the Shortest Path Problem with QAOA},
    volume = {13},
    journal = {SPIN},
    doi = {10.1142/S2010324723500029}
}

@book{Nielsen_Chuang_2010,
    author={Nielsen, Michael A. and Chuang, Isaac L.},
    year={2010},
    place={Cambridge},
    title={Quantum Computation and Quantum Information: 10th Anniversary Edition},
    publisher={Cambridge University Press}
}

@misc{qiskit_tutorial_antiguo,
  author = {Qiskit},
  title = {QAOA},
  publisher = {GitHub},
  journal = {GitHub repository},
  url = "https://github.com/Qiskit/textbook/blob/main/notebooks/ch-applications/qaoa.ipynb",
  note = {Accessed: 2024-03-11}
}