% Bibliograf√≠a

@article{quantum_annealing,
	doi = {10.1098/rsta.2021.0417},
	url = {https://doi.org/10.1098%2Frsta.2021.0417},
	year = 2022,
	month = {dec},
	publisher = {The Royal Society},
	volume = {381},
	number = {2241},
	author = {Atanu Rajak and Sei Suzuki and Amit Dutta and Bikas K. Chakrabarti},
	title = {Quantum annealing: an overview}, 
	journal = {Philosophical Transactions of the Royal Society A: Mathematical, Physical and Engineering Sciences}
}

@misc{qaoa_paper_original,
      title={A Quantum Approximate Optimization Algorithm}, 
      author={Edward Farhi and Jeffrey Goldstone and Sam Gutmann},
      year={2014},
      eprint={1411.4028},
      archivePrefix={arXiv},
      primaryClass={quant-ph}
}
