% Bibliografia

@article{Shor_algorithm,
    title={Polynomial-Time Algorithms for Prime Factorization and Discrete Logarithms on a Quantum Computer},
    volume={26},
    ISSN={1095-7111},
    url={http://dx.doi.org/10.1137/S0097539795293172},
    DOI={10.1137/s0097539795293172},
    number={5},
    journal={SIAM Journal on Computing},
    publisher={Society for Industrial & Applied Mathematics (SIAM)},
    author={Shor, Peter W.},
    year={1997},
    month=oct, pages={1484â€“1509}
}

@article{Quantum_computing_in_the_NISQ_era_and_beyond,
    title={Quantum Computing in the NISQ era and beyond},
    volume={2},
    ISSN={2521-327X},
    url={http://dx.doi.org/10.22331/q-2018-08-06-79},
    DOI={10.22331/q-2018-08-06-79},
    journal={Quantum},
    publisher={Verein zur Forderung des Open Access Publizierens in den Quantenwissenschaften},
    author={Preskill, John},
    year={2018},
    month=aug, pages={79}
}

@misc{qaoa_paper_original,
      title={A Quantum Approximate Optimization Algorithm}, 
      author={Edward Farhi and Jeffrey Goldstone and Sam Gutmann},
      year={2014},
      eprint={1411.4028},
      archivePrefix={arXiv},
      primaryClass={quant-ph}
}
