% Bibliografia

@article{multi-objective_routing_optimization,
    author = {Urgelles PÃ©rez, Helen and Picazo-Martinez, Pablo and Garcia-Roger, David and Monserrat, J.F.},
    year = {2022},
    month = {10},
    pages = {7570},
    title = {Multi-Objective Routing Optimization for 6G Communication Networks Using a Quantum Approximate Optimization Algorithm},
    volume = {22},
    journal = {Sensors},
    doi = {10.3390/s22197570}
}

@article{solving_shortest_path_with_qaoa,
    author = {Fan, Zhiqiang and Xu, Jinchen and Shu, Guoqiang and Ding, Xiaodong and Lian, Hang and Shan, Zheng},
    year = {2022},
    month = {12},
    pages = {},
    title = {Solving the Shortest Path Problem with QAOA},
    volume = {13},
    journal = {SPIN},
    doi = {10.1142/S2010324723500029}
}

@book{Nielsen_Chuang_2010,
    author={Nielsen, Michael A. and Chuang, Isaac L.},
    year={2010},
    place={Cambridge},
    title={Quantum Computation and Quantum Information: 10th Anniversary Edition},
    publisher={Cambridge University Press}
}
